944 1423
398 500 422 517 ΠΙ
436 500 462 517 A.

164 540 196 559 Ea
213 539 280 562 verba,
301 546 354 564 quae
372 539 433 558 aliud
452 539 557 563 quoddam
574 539 697 564 significant

256 572 279 589 in
294 571 387 595 Epitome
401 573 464 595 atque
478 572 500 589 in
515 570 606 589 Punicis.

197 615 255 635 Atque
272 614 347 635 primum
360 614 430 635 quidem
447 619 472 630 vs.
488 616 509 631 22
525 614 623 636 praeferre
636 614 696 630 Iliadis

165 637 239 653 Latinae
252 638 313 653 auctor
328 637 399 657 proprio
411 641 463 653 sensu
476 639 550 657 usurpat
561 637 591 657 ita,
605 638 624 653 ut
636 637 697 653 valeat

164 661 262 681 vortragen,
273 665 305 675 vor
316 659 350 675 sich
362 661 429 681 tragen.
453 659 519 675 Contra
530 659 582 675 Silius
598 659 616 675 in
629 659 697 675 duobus

164 682 213 703 locis,
230 681 292 702 quibus
304 681 373 702 legitur,
391 682 416 697 ita
428 681 505 701 adhibet,
523 683 542 697 ut
554 681 576 697 sit
588 682 697 701 anteponere

165 712 185 718 =
197 704 294 720 vorziehen:
311 703 340 720 VI.
358 705 388 720 137
405 709 434 720 nec
450 704 528 725 cuiquam
545 704 607 720 Marus
623 706 647 720 est
665 709 696 719 non

162 727 251 748 praelatus
262 732 316 748 eques.
333 726 370 742 VII.
385 728 415 743 165
431 732 490 742 nomen
505 725 598 748 praescire
609 726 697 745 Falerm‘s;

165 749 220 764 semel
237 750 296 764 autem
308 748 439 769 praepositione
455 753 466 764 a
478 749 533 764 verbo
552 748 637 764 distracta
654 748 698 764 dicit

164 773 208 793 prae
220 776 237 786 se
244 771 320 791 serebat:
333 770 370 786 XV.
384 772 416 787 680
426 773 471 793 prae
482 777 500 787 se
511 773 585 787 terrores
599 771 697 792 Divumque

161 793 229 814 serebat
241 793 323 809 kanorem.
347 793 421 809 Videtur
437 793 455 809 in
469 793 552 814 portandi
569 793 697 813 significatione

165 815 240 836 simplex
252 815 326 831 verbum
334 816 385 836 serre
397 820 471 836 amasse,
484 815 531 836 quod
543 815 597 831 habet
609 815 636 831 his
644 815 697 831 louis:

200 847 212 862 I.
230 848 256 863 31.
269 848 295 863 99.
309 848 345 863 133.
359 848 395 863 142.
408 848 445 863 361.
458 848 495 863 383.
508 848 546 864 481.
559 848 596 863 484.
609 848 646 863 512.
660 848 696 863 601.

166 870 203 885 668.
215 869 237 884 II.
251 870 276 885 12.
289 870 315 885 27.
328 870 366 885 271.
379 870 416 886 396.
429 870 466 886 679.
480 869 509 885 ΠΙ,
523 870 548 886 60.
563 870 599 885 135.
613 870 650 885 202.
660 870 697 885 231.

166 892 203 908 282.
216 892 253 908 358.
266 892 303 908 502.
317 893 354 908 566.
367 893 403 908 620.
417 893 454 908 638.
467 891 496 907 IV.
510 893 546 908 124.
560 893 596 908 139.
609 893 646 908 282.
660 892 697 907 288.

166 915 203 930 524.
216 915 253 930 469.
266 915 303 934 814.
322 913 342 929 V.
360 915 385 930 65.
403 915 440 930 240.
454 915 491 930 337.
509 915 545 930 366.
559 915 596 930 373.
609 915 646 930 445.
660 914 697 930 585.

166 935 195 951 VI.
211 937 237 952 90.
255 937 292 952 599.
308 936 346 951 VII.
360 937 385 952 79.
404 937 433 952 121
453 937 489 952 147.
506 937 543 952 301.
559 937 596 952 392.
609 937 647 952 445.
660 937 697 952 493.

166 959 204 974 539.
217 959 253 974 564.
266 959 303 974 635.
316 958 362 974 VIII.
375 959 401 974 63.
416 959 451 975 158.
464 960 502 975 256.
515 960 552 975 287.
562 959 598 975 318.
610 959 647 974 330.
661 959 698 974 523.

166 981 204 996 674.
220 980 250 996 IX.
266 981 292 997 87.
311 982 346 996 118.
361 982 396 997 199.
410 982 447 997 452.
460 982 497 997 518.
511 982 547 997 544.
561 982 597 997 546.
610 981 647 997 586.
661 981 697 996 617.

166 1002 188 1018 X.
201 1004 216 1019 4.
229 1004 255 1019 93.
269 1004 305 1019 157.
318 1004 355 1019 207.
368 1004 405 1019 316.
418 1004 455 1019 334.
468 1004 505 1019 470.
518 1003 549 1018 XI.
562 1004 599 1019 210.
612 1004 649 1019 278.
661 1003 698 1018 321.

166 1026 204 1041 479.
218 1024 257 1041 XII.
275 1026 300 1042 10.
318 1026 344 1041 58.
362 1026 387 1042 75.
406 1026 443 1042 256.
458 1026 496 1042 280.
509 1026 546 1042 350.
560 1026 597 1042 443.
610 1026 647 1041 482.
660 1026 698 1041 675.

166 1047 215 1063 XIII.
228 1049 265 1064 416.
278 1049 315 1064 7134.
329 1049 365 1064 791.
382 1047 428 1064 XIV.
447 1049 482 1064 193.
500 1049 538 1064 324,
555 1049 592 1064 491.
610 1048 647 1063 576.
660 1048 698 1063 581.

166 1069 205 1085 XV.
217 1071 243 1086 65.
258 1071 293 1086 114.
307 1071 343 1086 231.
357 1071 394 1086 363.
407 1071 444 1086 391.
457 1070 504 1086 XVI.
518 1071 554 1086 199.
568 1071 605 1086 206.
614 1071 651 1086 308.
661 1070 698 1085 332.

167 1093 204 1130 {g}
222 1093 259 1108 390.
274 1093 305 1108 449
324 1092 368 1113 (bis).
386 1093 423 1108 524.
440 1093 477 1109 527.
490 1093 527 1109 583.
542 1092 598 1108 XVII.
612 1093 648 1108 174.
661 1093 698 1108 249.

611 1147 618 1159 3
