3202 5172
815 555 1016 644 ..6-

384 776 494 844 cimus
542 773 652 840 multo
692 774 845 839 deterior
879 775 938 839 hic
977 775 1037 838 illo
1070 779 1123 838 est
1160 775 1206 858 (p.
1238 782 1279 842 66
1314 781 1349 840 61
1382 782 1457 859 ot).

383 867 515 946 Magna
539 867 761 946 666666661
780 863 978 928 differentia
1006 865 1041 927 in
1065 865 1318 944 monosyllabis
1342 865 1455 946 611616,

384 955 478 1038 quod
503 954 598 1036 apud
621 954 719 1020 illum
744 953 812 1016 duo
837 957 974 1016 tanturn
997 954 1244 1033 monosyllaba
1267 954 1456 1018 elisionem

383 1045 575 1127 patiuntur,
621 1043 756 1106 nullum
794 1043 1076 1122 monosyllabum
1115 1042 1258 1122 longum
1272 1047 1305 1125 1),
1354 1043 1455 1124 apud

383 1133 504 1198 Silium
543 1132 580 1195 in
618 1137 690 1198 174.
723 1149 863 1212 666666
903 1149 1009 1194 16166
1049 1131 1085 1194 id
1116 1132 1154 1195 fit
1186 1135 1232 1215 (p.
1258 1136 1452 1215 666169).

383 1223 691 1303 Iamquantopere
716 1221 821 1283 distet
845 1220 997 1283 61161616
1021 1221 1066 1284 ab
1080 1221 1191 1284 altero
1216 1239 1334 1302 opere,
1358 1223 1453 1285 bene

385 1311 609 1392 cognoscitur
648 1309 803 1373 numeris
842 1308 1008 1372 elisarum
1048 1327 1177 1373 vocum
1216 1309 1451 1375 iambicarum

385 1400 502 1464 allatis
526 1403 572 1483 (p.
598 1405 663 1482 69).
701 1397 790 1461 Τ6111
807 1397 998 1462 iucundum
1015 1403 1068 1461 est
1085 1399 1207 1462 audire
1223 1399 1349 1480 longas
1365 1400 1451 1463 fina-

292 1559 294 1568 ,
383 1491 435 1554 les
460 1490 617 1570 syllabas
638 1487 759 1550 iliadis
780 1488 988 1569 scriptorem
1009 1487 1045 1550 in
1066 1488 1136 1552 6161
1158 1492 1320 1553 6166616
1347 1488 1451 1570 sylla-

384 1581 431 1643 ba
454 1593 635 1658 nunquam
659 1577 792 1640 elisisse
817 1580 966 1657 excepto
994 1578 1172 1657 6661666,
1195 1579 1254 1658 qui
1276 1577 1450 1658 quomodo

383 1667 555 1749 legendus
572 1666 616 1730 sit
633 1666 915 1746 discrepantibus
935 1666 1033 1728 libris
1050 1667 1223 1730 incertum
1241 1671 1303 1747 est,
1329 1665 1451 1732 Silium

384 1775 471 1821 vero
496 1755 564 1820 hoc
588 1773 731 1836 prorsus
764 1773 834 1817 non
866 1755 1041 1835 respuisse
1073 1760 1118 1837 (p.
1146 1761 1183 1821 ll
1211 1760 1335 1838 6172).
1383 1755 1451 1819 Hic

385 1845 559 1927 quomodo
596 1848 721 1908 contra
750 1844 866 1923 legem
900 1844 1096 1924 deliquerit,
1136 1844 1452 1925 6661616161161111

384 1934 563 1999 Lucianus
597 1933 758 2014 Mueller,
796 1933 990 1996 ostenditur
1021 1952 1054 2014 p.
1091 1940 1131 1999 72
1172 1937 1284 2000 6173.
1342 1934 1451 1997 Ρ6116

386 2025 546 2104 syllabae
584 2023 620 2086 in
653 2046 685 2086 m
719 2026 889 2085 exeuntes
928 2026 1098 2102 sequente
1130 2022 1230 2086 brevi
1263 2023 1354 2086 duae
1393 2023 1452 2086 eli-

387 2114 515 2176 duntur
539 2112 575 2174 in
599 2110 888 2192 iliade-parva
915 2112 1109 2192 morositas
1135 2112 1163 2174 si
1188 2116 1313 2176 contra
1336 2112 1452 2192 negle-

386 2201 543 2283 gentiam
559 2201 633 2264 Silii
658 2200 932 2280 consideramus,
958 2200 1017 2281 qui
1043 2201 1176 2265 centies
1193 2201 1309 2264 sexies
1334 2200 1452 2265 decies

386 2291 452 2354 sibi
476 2290 628 2353 indulsit.
675 2288 882 2369 Dactylicas
914 2307 1031 2369 voces,
1071 2293 1131 2352 aut
1155 2291 1190 2352 in
1214 2313 1246 2352 m
1281 2295 1341 2353 aut
1371 2290 1407 2352 16
1431 2312 1453 2352 a
1502 2297 1508 2304 “

386 2380 445 2444 161
470 2380 505 2442 111
530 2403 548 2442 6
572 2383 741 2442 exeuntes
766 2396 909 2459 prorsus
933 2396 1003 2440 non
1025 2378 1157 2442 elisisse
1175 2379 1451 2461 Epitomatorem

386 2468 577 2533 verisimile
590 2472 652 2546 est,
671 2485 886 2548 quamquam
903 2467 945 2530 de
962 2467 1115 2530 lectione
1129 2467 1276 2530 duorum
1293 2469 1451 2532 locorum

387 2557 580 2622 difficilium
614 2560 753 2620 certant
785 2556 852 2618 viri
882 2556 976 2620 docti
1010 2561 1055 2638 (pr
1083 2561 1146 2638 74).
1199 2557 1302 2622 Silius
1334 2561 1452 2620 autem

386 2647 495 2710 multo
520 2645 662 2709 liberior
687 2650 740 2708 ter
761 2645 958 2724 dactylicas
982 2645 1017 2707 in
1038 2669 1070 2708 m
1089 2646 1288 2710 desinentes
1313 2650 1348 2709 et
1372 2663 1450 2710 cen-

387 2737 453 2800 ties
477 2735 596 2798 tricies
620 2735 729 2798 semel
753 2757 774 2796 a
798 2738 860 2796 aut
876 2757 894 2796 6
911 2735 1117 2798 terminatas
1142 2735 1243 2798 elisit.
1291 2735 1448 2798 Eandem

387 2826 461 2888 fere
474 2841 634 2886 normam
648 2824 683 2886 in
700 2823 815 2886 vitata
828 2823 971 2886 elisione
982 2825 1314 2904 pyrrhichiacarum
1323 2841 1450 2887 166661

388 2913 454 2977 sibi
477 2912 642 2994 imposuit
665 2912 786 2975 Iliadis
819 2913 970 2993 scriptor
994 2931 1074 2977 cum
1098 2913 1191 2976 idem
1215 2913 1318 2977 Silius
1351 2913 1450 2976 liber·
1522 2922 1526 2936 ⁴

388 3006 461 3068 tate
474 3005 594 3064 utatur
607 3005 653 3085 (p.
670 3006 710 3067 74
722 3005 757 3064 61
769 3005 834 3084 tu).
860 3000 1021 3082 Denique
1035 3003 1064 3064 si
1078 3021 1157 3066 cum
1172 3001 1275 3066 docto
1289 3001 1447 3081 11161116,
1493 3040 1495 3048 ‚

389 3092 507 3174 66616
524 3095 626 3171 parte
644 3090 824 3170 utriusque
839 3089 1004 3154 carminis
1018 3091 1180 3154 elisiones
1193 3092 1289 3171 fiant,
1302 3095 1450 3154 contem-

388 3182 538 3262 plamur,
565 3180 745 3242 elisionem
761 3179 890 3259 longae
907 3178 941 3241 in
959 3180 1115 3244 secunda
1132 3180 1222 3243 thesi
1239 3180 1298 3242 ille
1315 3179 1449 3258 1116111,

389 3271 440 3333 116
455 3277 494 3332 61
517 3269 651 3332 Siliana
676 3286 815 3348 quoque
832 3269 997 3348 exempla
1021 3287 1204 3348 perpauca
1228 3287 1292 3350 pro
1318 3268 1448 3332 ambitu

389 3358 599 3422 Punicorum
618 3362 707 3420 sunt.
744 3357 784 3419 In
802 3357 925 3419 eodem
942 3358 1020 3420 loco
1037 3357 1256 3437 Epitomator
1273 3357 1449 3420 elisionem

390 3448 550 3528 syllabae
563 3446 701 3509 mediae
714 3445 925 3527 repudiavit,
940 3445 1043 3509 Silius
1056 3447 1301 3526 neglegentior
1315 3447 1380 3509 fuit
1396 3446 1449 3508 tri-

390 3537 490 3617 ginta
514 3536 649 3598 duobus
672 3536 759 3598 locis
783 3541 828 3617 (p.
848 3538 912 3617 te).
948 3535 989 3596 16
1014 3536 1084 3598 6161
1100 3534 1200 3616 pedis
1217 3536 1310 3599 tertii
1334 3535 1450 3598 Iliadis

390 3625 541 3706 scriptor
554 3624 645 3687 intcr
665 3629 749 3690 1000
766 3642 836 3686 166.
855 3625 1039 3704 quinquies
1056 3625 1157 3704 elisit,
1171 3625 1275 3688 Silius
1292 3624 1450 3704 sexagies

391 3719 454 3778 ter.
494 3713 617 3794 Neque
641 3718 760 3776 1616611
776 3719 850 3775 16111
871 3731 1002 3792 magna
1019 3722 1071 3775 est
1089 3713 1288 3776 differentia
1311 3714 1345 3775 in
1366 3713 1450 3775 thesi

390 3803 490 3884 pedis
522 3803 626 3883 tertii,
663 3802 719 3864 ubi
751 3801 785 3863 16
820 3802 914 3865 161116
948 3813 1026 3864 uss:
1050 3803 1110 3865 ille
1143 3803 1260 3866 dccics
1294 3803 1450 3866 elisiones

392 3891 541 3968 admisit,
566 3891 624 3955 hic
648 3891 758 3955 vicies
776 3896 910 3971 quater.
928 3891 1093 3955 Similiter
1117 3893 1206 3954 ratio
1232 3907 1450 3956 numerorum

391 3981 570 4060 sehabet,
596 3981 624 4042 si
648 3980 851 4060 inspicimus
876 3999 1042 4045 caesuras
1066 3981 1102 4043 111
1127 3981 1197 4043 6161
1221 3980 1320 4061 pedis
1345 3979 1450 4060 quinti

465 4175 484 4240 ¹)
504 4175 585 4244 quod
603 4177 662 4228 1616
681 4175 836 4229 Lucianu's
855 4177 981 4229 Mueller
1001 4177 1212 4230 animadvertit
1232 4177 1268 4229 cf.
1290 4193 1317 4246 p.
1339 4179 1371 4227 19
1392 4177 1449 4229 eius

258 4277 268 4286 -
393 4246 531 4300 editionis
550 4248 581 4298 16
601 4247 701 4300 adnot.
721 4247 760 4299 ad
778 4263 820 4301 16.
843 4250 901 4298 126.
