<?xml version="1.0" encoding="UTF-8"?>
<!DOCTYPE html PUBLIC "-//W3C//DTD XHTML 1.0 Transitional//EN"
    "http://www.w3.org/TR/xhtml1/DTD/xhtml1-transitional.dtd">
<html xmlns="http://www.w3.org/1999/xhtml" xml:lang="en" lang="en">
 <head>
  <title>
</title>
<meta http-equiv="Content-Type" content="text/html;charset=utf-8" />
  <meta name='ocr-system' content='tesseract 3.04.00' />
  <meta name='ocr-capabilities' content='ocr_page ocr_carea ocr_par ocr_line ocrx_word'/>
</head>
<body>
  <div class='ocr_page' id='page_1' title='image "./observationesin00altegoog_0008.png"; bbox 0 0 3202 5172; ppageno 0'>
   <div class='ocr_carea' id='block_1_1' title="bbox 144 1551 1282 2384">
    <p class='ocr_par' dir='ltr' id='par_1_1' title="bbox 144 1551 1282 2384">
     <span class='ocr_line' id='line_1_1' title="bbox 228 1551 1213 1673; baseline -0.006 -13"><span class='ocrx_word' id='word_1_1' title='bbox 228 1551 422 1660; x_wconf 65' lang='lat' dir='ltr'>Ronanus</span> <span class='ocrx_word' id='word_1_2' title='bbox 446 1591 603 1673; x_wconf 86' lang='lat' dir='ltr'>Doering</span> <span class='ocrx_word' id='word_1_3' title='bbox 631 1596 818 1673; x_wconf 82' lang='lat' dir='ltr'>postquam</span> <span class='ocrx_word' id='word_1_4' title='bbox 847 1601 929 1654; x_wconf 91' lang='lat' dir='ltr'>ante</span> <span class='ocrx_word' id='word_1_5' title='bbox 958 1591 1021 1654; x_wconf 93' lang='lat' dir='ltr'>hos</span> <span class='ocrx_word' id='word_1_6' title='bbox 1046 1595 1213 1672; x_wconf 90' lang='lat' dir='ltr'>quattuor</span> 
     </span>
     <span class='ocr_line' id='line_1_2' title="bbox 144 1679 1212 1762; baseline -0.003 -16"><span class='ocrx_word' id='word_1_7' title='bbox 144 1684 219 1746; x_wconf 87' lang='lat' dir='ltr'>fere</span> <span class='ocrx_word' id='word_1_8' title='bbox 252 1701 362 1745; x_wconf 89' lang='lat' dir='ltr'>annos</span> <span class='ocrx_word' id='word_1_9' title='bbox 394 1681 528 1745; x_wconf 90' lang='lat' dir='ltr'>duobus</span> <span class='ocrx_word' id='word_1_10' title='bbox 554 1681 682 1744; x_wconf 88' lang='lat' dir='ltr'>libellis</span> <span class='ocrx_word' id='word_1_11' title='bbox 693 1685 715 1762; x_wconf 83' lang='lat'>1)</span> <span class='ocrx_word' id='word_1_12' title='bbox 740 1681 892 1761; x_wconf 89' lang='lat' dir='ltr'>probare</span> <span class='ocrx_word' id='word_1_13' title='bbox 916 1680 1048 1743; x_wconf 81' lang='lat' dir='ltr'><strong>studuit</strong></span> <span class='ocrx_word' id='word_1_14' title='bbox 1065 1679 1212 1744; x_wconf 82' lang='lat' dir='ltr'>Iliadem</span> 
     </span>
     <span class='ocr_line' id='line_1_3' title="bbox 144 1769 1213 1852; baseline -0.002 -18"><span class='ocrx_word' id='word_1_15' title='bbox 144 1772 318 1852; x_wconf 79' lang='lat' dir='ltr'>Latinam,</span> <span class='ocrx_word' id='word_1_16' title='bbox 326 1789 417 1850; x_wconf 91' lang='lat' dir='ltr'>quae</span> <span class='ocrx_word' id='word_1_17' title='bbox 428 1771 549 1851; x_wconf 82' lang='lat' dir='ltr'>fertur,</span> <span class='ocrx_word' id='word_1_18' title='bbox 564 1769 677 1833; x_wconf 83' lang='lat' dir='ltr'>aSilio</span> <span class='ocrx_word' id='word_1_19' title='bbox 688 1769 823 1850; x_wconf 83' lang='lat' dir='ltr'>Italion,</span> <span class='ocrx_word' id='word_1_20' title='bbox 834 1769 1045 1833; x_wconf 90' lang='lat' dir='ltr'>Punicorum</span> <span class='ocrx_word' id='word_1_21' title='bbox 1057 1775 1213 1850; x_wconf 85' lang='lat' dir='ltr'>auctore,</span> 
     </span>
     <span class='ocr_line' id='line_1_4' title="bbox 145 1855 1282 1940; baseline -0.003 -17"><span class='ocrx_word' id='word_1_22' title='bbox 145 1878 222 1924; x_wconf 90' lang='lat' dir='ltr'>esse</span> <span class='ocrx_word' id='word_1_23' title='bbox 253 1855 462 1940; x_wconf 81' lang='lat' dir='ltr'>confectam,</span> <span class='ocrx_word' id='word_1_24' title='bbox 496 1877 560 1939; x_wconf 86' lang='lat' dir='ltr'>per</span> <span class='ocrx_word' id='word_1_25' title='bbox 592 1864 729 1938; x_wconf 89' lang='lat' dir='ltr'>tempus</span> <span class='ocrx_word' id='word_1_26' title='bbox 761 1855 938 1938; x_wconf 82' lang='lat' dir='ltr'>quoddam</span> <span class='ocrx_word' id='word_1_27' title='bbox 971 1859 1113 1939; x_wconf 89' lang='lat' dir='ltr'>plurimi</span> <span class='ocrx_word' id='word_1_28' title='bbox 1143 1858 1212 1920; x_wconf 83' lang='lat' dir='ltr'>viri</span> <span class='ocrx_word' id='word_1_29' title='bbox 1280 1871 1282 1876; x_wconf 90' lang='grc'><em>·</em></span> 
     </span>
     <span class='ocr_line' id='line_1_5' title="bbox 146 1947 1211 2028; baseline -0.001 -17"><span class='ocrx_word' id='word_1_30' title='bbox 146 1949 239 2012; x_wconf 88' lang='lat' dir='ltr'>docti</span> <span class='ocrx_word' id='word_1_31' title='bbox 273 1949 308 2010; x_wconf 89' lang='lat' dir='ltr'>in</span> <span class='ocrx_word' id='word_1_32' title='bbox 332 1947 402 2012; x_wconf 89' lang='lat' dir='ltr'>hac</span> <span class='ocrx_word' id='word_1_33' title='bbox 426 1947 602 2010; x_wconf 88' lang='lat' dir='ltr'>sententia</span> <span class='ocrx_word' id='word_1_34' title='bbox 625 1947 849 2028; x_wconf 89' lang='lat' dir='ltr'>requiescere</span> <span class='ocrx_word' id='word_1_35' title='bbox 873 1947 1096 2028; x_wconf 83' lang='lat' dir='ltr'>videbantur,</span> <span class='ocrx_word' id='word_1_36' title='bbox 1129 1947 1211 2010; x_wconf 91' lang='lat' dir='ltr'>dum</span> 
     </span>
     <span class='ocr_line' id='line_1_6' title="bbox 144 2036 1213 2122; baseline -0.002 -22"><span class='ocrx_word' id='word_1_37' title='bbox 144 2055 257 2118; x_wconf 87' lang='lat' dir='ltr'>nuper</span> <span class='ocrx_word' id='word_1_38' title='bbox 282 2036 481 2099; x_wconf 78' lang='lat' dir='ltr'>dissertatio</span> <span class='ocrx_word' id='word_1_39' title='bbox 507 2055 529 2098; x_wconf 92' lang='lat' dir='ltr'>a</span> <span class='ocrx_word' id='word_1_40' title='bbox 551 2036 662 2122; x_wconf 92' lang='lat' dir='ltr'>Paulo</span> <span class='ocrx_word' id='word_1_41' title='bbox 687 2036 815 2098; x_wconf 90' lang='lat' dir='ltr'>Verres</span> <span class='ocrx_word' id='word_1_42' title='bbox 829 2039 855 2121; x_wconf 73' lang='grc'>2)</span> <span class='ocrx_word' id='word_1_43' title='bbox 881 2036 1014 2117; x_wconf 87' lang='lat' dir='ltr'>scripta</span> <span class='ocrx_word' id='word_1_44' title='bbox 1037 2037 1072 2097; x_wconf 92' lang='lat' dir='ltr'>in</span> <span class='ocrx_word' id='word_1_45' title='bbox 1098 2037 1213 2099; x_wconf 88' lang='lat' dir='ltr'>lucem</span> 
     </span>
     <span class='ocr_line' id='line_1_7' title="bbox 145 2125 1213 2206; baseline -0.002 -18"><span class='ocrx_word' id='word_1_46' title='bbox 145 2126 284 2206; x_wconf 82' lang='lat' dir='ltr'>prodiit,</span> <span class='ocrx_word' id='word_1_47' title='bbox 317 2143 388 2206; x_wconf 89' lang='lat' dir='ltr'>qua</span> <span class='ocrx_word' id='word_1_48' title='bbox 411 2125 505 2188; x_wconf 89' lang='lat' dir='ltr'>docti</span> <span class='ocrx_word' id='word_1_49' title='bbox 530 2125 622 2188; x_wconf 90' lang='lat' dir='ltr'>illius</span> <span class='ocrx_word' id='word_1_50' title='bbox 647 2125 715 2186; x_wconf 86' lang='lat' dir='ltr'>viri</span> <span class='ocrx_word' id='word_1_51' title='bbox 739 2125 950 2188; x_wconf 89' lang='lat' dir='ltr'>sententiam</span> <span class='ocrx_word' id='word_1_52' title='bbox 975 2129 1110 2188; x_wconf 89' lang='lat' dir='ltr'>rectam</span> <span class='ocrx_word' id='word_1_53' title='bbox 1144 2143 1213 2186; x_wconf 89' lang='lat' dir='ltr'>non</span> 
     </span>
     <span class='ocr_line' id='line_1_8' title="bbox 146 2213 1214 2294; baseline -0.003 -17"><span class='ocrx_word' id='word_1_54' title='bbox 146 2232 222 2278; x_wconf 86' lang='lat' dir='ltr'>esse</span> <span class='ocrx_word' id='word_1_55' title='bbox 246 2213 487 2294; x_wconf 74' lang='lat' dir='ltr'>grammaticis</span> <span class='ocrx_word' id='word_1_56' title='bbox 516 2218 551 2276; x_wconf 89' lang='lat' dir='ltr'>et</span> <span class='ocrx_word' id='word_1_57' title='bbox 574 2213 729 2277; x_wconf 89' lang='lat' dir='ltr'>metricis</span> <span class='ocrx_word' id='word_1_58' title='bbox 760 2213 1023 2292; x_wconf 83' lang='lat' dir='ltr'>quaestionibus</span> <span class='ocrx_word' id='word_1_59' title='bbox 1047 2213 1214 2276; x_wconf 86' lang='lat' dir='ltr'>institutis</span> 
     </span>
     <span class='ocr_line' id='line_1_9' title="bbox 147 2301 1212 2384; baseline 0.001 -19"><span class='ocrx_word' id='word_1_60' title='bbox 147 2303 416 2366; x_wconf 89' lang='lat' dir='ltr'>demonstratur.</span> <span class='ocrx_word' id='word_1_61' title='bbox 474 2302 543 2382; x_wconf 72' lang='lat' dir='ltr'>Qui</span> <span class='ocrx_word' id='word_1_62' title='bbox 590 2303 625 2364; x_wconf 91' lang='lat' dir='ltr'>in</span> <span class='ocrx_word' id='word_1_63' title='bbox 678 2301 776 2364; x_wconf 90' lang='lat' dir='ltr'>initio</span> <span class='ocrx_word' id='word_1_64' title='bbox 824 2302 1073 2383; x_wconf 85' lang='lat' dir='ltr'>disquisitionis</span> <span class='ocrx_word' id='word_1_65' title='bbox 1098 2308 1143 2384; x_wconf 77' lang='lat' dir='ltr'>(p.</span> <span class='ocrx_word' id='word_1_66' title='bbox 1181 2304 1212 2384; x_wconf 84' lang='grc'>1)</span> 
     </span>
    </p>
   </div>
   <div class='ocr_carea' id='block_1_2' title="bbox 146 2390 1312 2560">
    <p class='ocr_par' dir='ltr' id='par_1_2' title="bbox 146 2390 1312 2560">
     <span class='ocr_line' id='line_1_10' title="bbox 146 2390 1312 2471; baseline 0.001 -18"><span class='ocrx_word' id='word_1_67' title='bbox 146 2391 366 2454; x_wconf 87' lang='lat' dir='ltr'>Lachmanni</span> <span class='ocrx_word' id='word_1_68' title='bbox 390 2391 566 2454; x_wconf 89' lang='lat' dir='ltr'>sententia</span> <span class='ocrx_word' id='word_1_69' title='bbox 591 2391 634 2454; x_wconf 89' lang='lat' dir='ltr'>de</span> <span class='ocrx_word' id='word_1_70' title='bbox 651 2390 829 2470; x_wconf 83' lang='lat' dir='ltr'>Epitomes</span> <span class='ocrx_word' id='word_1_71' title='bbox 855 2397 972 2454; x_wconf 89' lang='lat' dir='ltr'>aetate</span> <span class='ocrx_word' id='word_1_72' title='bbox 995 2394 1146 2471; x_wconf 90' lang='lat' dir='ltr'>probata</span> <span class='ocrx_word' id='word_1_73' title='bbox 1171 2392 1214 2454; x_wconf 89' lang='lat' dir='ltr'>de</span> <span class='ocrx_word' id='word_1_74' title='bbox 1308 2459 1312 2463; x_wconf 64' lang='grc'>,</span> 
     </span>
     <span class='ocr_line' id='line_1_11' title="bbox 146 2479 1306 2560; baseline 0 -18"><span class='ocrx_word' id='word_1_75' title='bbox 146 2485 296 2560; x_wconf 88' lang='lat' dir='ltr'>utraque</span> <span class='ocrx_word' id='word_1_76' title='bbox 329 2479 569 2560; x_wconf 89' lang='lat' dir='ltr'>parastichide</span> <span class='ocrx_word' id='word_1_77' title='bbox 603 2479 638 2542; x_wconf 91' lang='lat' dir='ltr'>in</span> <span class='ocrx_word' id='word_1_78' title='bbox 671 2479 770 2542; x_wconf 90' lang='lat' dir='ltr'>initio</span> <span class='ocrx_word' id='word_1_79' title='bbox 804 2498 825 2542; x_wconf 92' lang='lat' dir='ltr'>a</span> <span class='ocrx_word' id='word_1_80' title='bbox 857 2480 1043 2560; x_wconf 82' lang='lat' dir='ltr'>Seyfferto,</span> <span class='ocrx_word' id='word_1_81' title='bbox 1076 2481 1111 2542; x_wconf 90' lang='lat' dir='ltr'>in</span> <span class='ocrx_word' id='word_1_82' title='bbox 1144 2481 1213 2542; x_wconf 87' lang='lat' dir='ltr'>fine</span> <span class='ocrx_word' id='word_1_83' title='bbox 1305 2493 1306 2502; x_wconf 58' lang='lat'>¹</span> 
     </span>
    </p>
   </div>
   <div class='ocr_carea' id='block_1_3' title="bbox 146 2568 1216 3716">
    <p class='ocr_par' dir='ltr' id='par_1_3' title="bbox 146 2568 1216 3716">
     <span class='ocr_line' id='line_1_12' title="bbox 147 2568 1216 2632; baseline 0 -2"><span class='ocrx_word' id='word_1_84' title='bbox 147 2587 169 2630; x_wconf 92' lang='lat' dir='ltr'>a</span> <span class='ocrx_word' id='word_1_85' title='bbox 192 2568 383 2632; x_wconf 84' lang='lat' dir='ltr'>Francisco</span> <span class='ocrx_word' id='word_1_86' title='bbox 409 2569 606 2632; x_wconf 76' lang='lat' dir='ltr'>Buecheler</span> <span class='ocrx_word' id='word_1_87' title='bbox 632 2569 779 2631; x_wconf 82' lang='lat' dir='ltr'>inventa</span> <span class='ocrx_word' id='word_1_88' title='bbox 803 2569 908 2632; x_wconf 89' lang='lat' dir='ltr'>claris</span> <span class='ocrx_word' id='word_1_89' title='bbox 933 2569 1052 2632; x_wconf 88' lang='lat' dir='ltr'>verbis</span> <span class='ocrx_word' id='word_1_90' title='bbox 1077 2568 1216 2631; x_wconf 89' lang='lat' dir='ltr'>disserit</span> 
     </span>
     <span class='ocr_line' id='line_1_13' title="bbox 147 2655 1213 2738; baseline 0 -19"><span class='ocrx_word' id='word_1_91' title='bbox 147 2675 261 2738; x_wconf 89' lang='lat' dir='ltr'>neque</span> <span class='ocrx_word' id='word_1_92' title='bbox 285 2656 394 2721; x_wconf 81' lang='lat' dir='ltr'>uvdd.</span> <span class='ocrx_word' id='word_1_93' title='bbox 419 2655 553 2720; x_wconf 86' lang='lat' dir='ltr'>Hertzii</span> <span class='ocrx_word' id='word_1_94' title='bbox 578 2657 808 2737; x_wconf 85' lang='lat' dir='ltr'>Teuffeliique</span> <span class='ocrx_word' id='word_1_95' title='bbox 834 2657 1027 2733; x_wconf 87' lang='lat' dir='ltr'>sententias</span> <span class='ocrx_word' id='word_1_96' title='bbox 1053 2657 1096 2720; x_wconf 89' lang='lat' dir='ltr'>do</span> <span class='ocrx_word' id='word_1_97' title='bbox 1122 2657 1213 2721; x_wconf 89' lang='lat' dir='ltr'>dedi-</span> 
     </span>
     <span class='ocr_line' id='line_1_14' title="bbox 147 2746 1212 2826; baseline -0.001 -17"><span class='ocrx_word' id='word_1_98' title='bbox 147 2747 286 2810; x_wconf 80' lang='lat' dir='ltr'>catione</span> <span class='ocrx_word' id='word_1_99' title='bbox 311 2747 470 2826; x_wconf 87' lang='lat' dir='ltr'>prolatas</span> <span class='ocrx_word' id='word_1_100' title='bbox 495 2746 710 2826; x_wconf 76' lang='lat' dir='ltr'>redarguere</span> <span class='ocrx_word' id='word_1_101' title='bbox 736 2746 872 2812; x_wconf 88' lang='lat' dir='ltr'>omittit.</span> <span class='ocrx_word' id='word_1_102' title='bbox 920 2747 1042 2826; x_wconf 90' lang='lat' dir='ltr'>Neque</span> <span class='ocrx_word' id='word_1_103' title='bbox 1067 2747 1212 2808; x_wconf 81' lang='lat' dir='ltr'>veroin</span> 
     </span>
     <span class='ocr_line' id='line_1_15' title="bbox 146 2834 1213 2915; baseline 0.002 -19"><span class='ocrx_word' id='word_1_104' title='bbox 146 2835 216 2898; x_wconf 87' lang='lat' dir='ltr'>hac</span> <span class='ocrx_word' id='word_1_105' title='bbox 250 2853 288 2896; x_wconf 88' lang='lat' dir='ltr'>re</span> <span class='ocrx_word' id='word_1_106' title='bbox 324 2853 404 2898; x_wconf 91' lang='lat' dir='ltr'>oum</span> <span class='ocrx_word' id='word_1_107' title='bbox 440 2853 481 2897; x_wconf 90' lang='lat' dir='ltr'>eo</span> <span class='ocrx_word' id='word_1_108' title='bbox 518 2835 684 2898; x_wconf 86' lang='lat' dir='ltr'>dissentio</span> <span class='ocrx_word' id='word_1_109' title='bbox 732 2875 777 2883; x_wconf 88' lang='lat'>-</span> <span class='ocrx_word' id='word_1_110' title='bbox 820 2840 857 2897; x_wconf 88' lang='lat' dir='ltr'>ut</span> <span class='ocrx_word' id='word_1_111' title='bbox 892 2835 963 2898; x_wconf 91' lang='lat' dir='ltr'>iam</span> <span class='ocrx_word' id='word_1_112' title='bbox 1001 2834 1213 2915; x_wconf 88' lang='lat' dir='ltr'>Doeringius</span> 
     </span>
     <span class='ocr_line' id='line_1_16' title="bbox 146 2923 1214 3008; baseline 0.004 -22"><span class='ocrx_word' id='word_1_113' title='bbox 146 2925 237 2986; x_wconf 89' lang='lat' dir='ltr'>bene</span> <span class='ocrx_word' id='word_1_114' title='bbox 267 2923 430 2986; x_wconf 87' lang='lat' dir='ltr'>disseruit</span> <span class='ocrx_word' id='word_1_115' title='bbox 453 2924 489 2985; x_wconf 93' lang='lat' dir='ltr'>in</span> <span class='ocrx_word' id='word_1_116' title='bbox 513 2928 778 3004; x_wconf 79' lang='lat' dir='ltr'>programmate</span> <span class='ocrx_word' id='word_1_117' title='bbox 802 2925 920 3005; x_wconf 88' lang='lat' dir='ltr'>priore</span> <span class='ocrx_word' id='word_1_118' title='bbox 944 2924 1088 2987; x_wconf 88' lang='lat' dir='ltr'>laudato</span> <span class='ocrx_word' id='word_1_119' title='bbox 1114 2928 1159 3008; x_wconf 89' lang='lat' dir='ltr'>(p.</span> <span class='ocrx_word' id='word_1_120' title='bbox 1182 2928 1214 3005; x_wconf 79' lang='lat'>5)</span> 
     </span>
     <span class='ocr_line' id='line_1_17' title="bbox 146 3008 1215 3100; baseline -0.003 -22"><span class='ocrx_word' id='word_1_121' title='bbox 146 3052 189 3059; x_wconf 94' lang='lat'>—</span> <span class='ocrx_word' id='word_1_122' title='bbox 214 3008 402 3098; x_wconf 73' lang='grc' dir='ltr'><em>ἀκροστίχια</em></span> <span class='ocrx_word' id='word_1_123' title='bbox 428 3013 590 3076; x_wconf 75' lang='lat' dir='ltr'>Itult&#39;cas.</span> <span class='ocrx_word' id='word_1_124' title='bbox 611 3062 617 3074; x_wconf 93' lang='lat'>.</span> <span class='ocrx_word' id='word_1_125' title='bbox 636 3061 642 3075; x_wconf 92' lang='lat'>.</span> <span class='ocrx_word' id='word_1_126' title='bbox 659 3014 797 3100; x_wconf 60' lang='lat' dir='ltr'>sempsit</span> <span class='ocrx_word' id='word_1_127' title='bbox 822 3017 958 3076; x_wconf 86' lang='lat' dir='ltr'>tantam</span> <span class='ocrx_word' id='word_1_128' title='bbox 981 3013 1114 3076; x_wconf 87' lang='lat' dir='ltr'>habere</span> <span class='ocrx_word' id='word_1_129' title='bbox 1139 3031 1215 3094; x_wconf 86' lang='lat' dir='ltr'>pro-</span> 
     </span>
     <span class='ocr_line' id='line_1_18' title="bbox 146 3101 1215 3182; baseline 0 -18"><span class='ocrx_word' id='word_1_130' title='bbox 146 3101 377 3182; x_wconf 79' lang='lat' dir='ltr'>babilitatem,</span> <span class='ocrx_word' id='word_1_131' title='bbox 413 3105 449 3163; x_wconf 91' lang='lat' dir='ltr'>ut</span> <span class='ocrx_word' id='word_1_132' title='bbox 485 3120 549 3182; x_wconf 91' lang='lat' dir='ltr'>pro</span> <span class='ocrx_word' id='word_1_133' title='bbox 585 3105 682 3166; x_wconf 91' lang='lat' dir='ltr'>certo</span> <span class='ocrx_word' id='word_1_134' title='bbox 719 3106 874 3165; x_wconf 87' lang='lat' dir='ltr'>statuere</span> <span class='ocrx_word' id='word_1_135' title='bbox 909 3102 1092 3182; x_wconf 90' lang='lat' dir='ltr'>possimus.</span> <span class='ocrx_word' id='word_1_136' title='bbox 1147 3101 1215 3164; x_wconf 91' lang='lat' dir='ltr'>Hic</span> 
     </span>
     <span class='ocr_line' id='line_1_19' title="bbox 146 3189 1214 3271; baseline 0.001 -20"><span class='ocrx_word' id='word_1_137' title='bbox 146 3208 191 3252; x_wconf 89' lang='lat' dir='ltr'>ne</span> <span class='ocrx_word' id='word_1_138' title='bbox 215 3189 353 3252; x_wconf 90' lang='lat' dir='ltr'>silentio</span> <span class='ocrx_word' id='word_1_139' title='bbox 378 3191 613 3271; x_wconf 89' lang='lat' dir='ltr'>oppresserim</span> <span class='ocrx_word' id='word_1_140' title='bbox 637 3191 707 3253; x_wconf 90' lang='lat' dir='ltr'>iam</span> <span class='ocrx_word' id='word_1_141' title='bbox 725 3195 832 3254; x_wconf 89' lang='lat' dir='ltr'>antea</span> <span class='ocrx_word' id='word_1_142' title='bbox 857 3209 963 3271; x_wconf 92' lang='lat' dir='ltr'>quam</span> <span class='ocrx_word' id='word_1_143' title='bbox 976 3191 1214 3255; x_wconf 87' lang='lat' dir='ltr'>Buechelerus</span> 
     </span>
     <span class='ocr_line' id='line_1_20' title="bbox 147 3279 1213 3361; baseline 0.001 -21"><span class='ocrx_word' id='word_1_144' title='bbox 147 3279 332 3341; x_wconf 88' lang='lat' dir='ltr'>inventum</span> <span class='ocrx_word' id='word_1_145' title='bbox 363 3298 464 3341; x_wconf 92' lang='lat' dir='ltr'>suum</span> <span class='ocrx_word' id='word_1_146' title='bbox 494 3279 702 3360; x_wconf 80' lang='lat' dir='ltr'>publicavit,</span> <span class='ocrx_word' id='word_1_147' title='bbox 737 3279 868 3342; x_wconf 89' lang='lat' dir='ltr'>Julium</span> <span class='ocrx_word' id='word_1_148' title='bbox 904 3279 1103 3361; x_wconf 82' lang='lat' dir='ltr'>Caesarem,</span> <span class='ocrx_word' id='word_1_149' title='bbox 1136 3297 1213 3360; x_wconf 89' lang='lat' dir='ltr'>pro-</span> 
     </span>
     <span class='ocr_line' id='line_1_21' title="bbox 146 3367 1216 3448; baseline 0.001 -19"><span class='ocrx_word' id='word_1_150' title='bbox 146 3367 315 3430; x_wconf 85' lang='lat' dir='ltr'>fessorem</span> <span class='ocrx_word' id='word_1_151' title='bbox 346 3368 647 3448; x_wconf 86' lang='lat' dir='ltr'>Marpurgensem‚</span> <span class='ocrx_word' id='word_1_152' title='bbox 691 3369 844 3432; x_wconf 91' lang='lat' dir='ltr'>auctoris</span> <span class='ocrx_word' id='word_1_153' title='bbox 878 3370 987 3432; x_wconf 92' lang='lat' dir='ltr'>nostri</span> <span class='ocrx_word' id='word_1_154' title='bbox 1029 3368 1216 3432; x_wconf 90' lang='lat' dir='ltr'>artificium</span> 
     </span>
     <span class='ocr_line' id='line_1_22' title="bbox 147 3455 1213 3536; baseline 0.002 -18"><span class='ocrx_word' id='word_1_155' title='bbox 147 3456 324 3536; x_wconf 90' lang='lat' dir='ltr'>quoddam</span> <span class='ocrx_word' id='word_1_156' title='bbox 356 3457 392 3518; x_wconf 92' lang='lat' dir='ltr'>in</span> <span class='ocrx_word' id='word_1_157' title='bbox 415 3456 514 3519; x_wconf 90' lang='lat' dir='ltr'>initio</span> <span class='ocrx_word' id='word_1_158' title='bbox 539 3457 650 3520; x_wconf 93' lang='lat' dir='ltr'>libelli</span> <span class='ocrx_word' id='word_1_159' title='bbox 675 3455 850 3520; x_wconf 83' lang='lat' dir='ltr'>detexisse</span> <span class='ocrx_word' id='word_1_160' title='bbox 882 3458 948 3521; x_wconf 84' lang='lat' dir='ltr'>sibi</span> <span class='ocrx_word' id='word_1_161' title='bbox 972 3457 1086 3521; x_wconf 85' lang='lat' dir='ltr'>visum</span> <span class='ocrx_word' id='word_1_162' title='bbox 1120 3475 1213 3536; x_wconf 88' lang='lat' dir='ltr'>esse;</span> 
     </span>
     <span class='ocr_line' id='line_1_23' title="bbox 150 3545 1215 3628; baseline 0.002 -22"><span class='ocrx_word' id='word_1_163' title='bbox 150 3545 186 3607; x_wconf 91' lang='lat' dir='ltr'>id</span> <span class='ocrx_word' id='word_1_164' title='bbox 210 3545 303 3607; x_wconf 89' lang='lat' dir='ltr'>enirn</span> <span class='ocrx_word' id='word_1_165' title='bbox 325 3545 408 3607; x_wconf 91' lang='lat' dir='ltr'>olim</span> <span class='ocrx_word' id='word_1_166' title='bbox 432 3564 513 3610; x_wconf 91' lang='lat' dir='ltr'>cum</span> <span class='ocrx_word' id='word_1_167' title='bbox 529 3545 641 3610; x_wconf 91' lang='lat' dir='ltr'>doctis</span> <span class='ocrx_word' id='word_1_168' title='bbox 666 3547 736 3609; x_wconf 92' lang='lat' dir='ltr'>suis</span> <span class='ocrx_word' id='word_1_169' title='bbox 762 3547 884 3611; x_wconf 88' lang='lat' dir='ltr'>amicis</span> <span class='ocrx_word' id='word_1_170' title='bbox 901 3547 1215 3628; x_wconf 63' lang='lat' dir='ltr'>communicamur)</span> 
     </span>
     <span class='ocr_line' id='line_1_24' title="bbox 146 3634 1215 3716; baseline 0.001 -21"><span class='ocrx_word' id='word_1_171' title='bbox 146 3637 220 3696; x_wconf 90' lang='lat' dir='ltr'>tam</span> <span class='ocrx_word' id='word_1_172' title='bbox 247 3634 421 3698; x_wconf 89' lang='lat' dir='ltr'>incertam</span> <span class='ocrx_word' id='word_1_173' title='bbox 445 3639 563 3698; x_wconf 88' lang='lat' dir='ltr'>autern</span> <span class='ocrx_word' id='word_1_174' title='bbox 588 3652 664 3698; x_wconf 88' lang='lat' dir='ltr'>esse</span> <span class='ocrx_word' id='word_1_175' title='bbox 688 3653 764 3698; x_wconf 90' lang='lat' dir='ltr'>rem</span> <span class='ocrx_word' id='word_1_176' title='bbox 787 3637 936 3716; x_wconf 82' lang='lat' dir='ltr'>putavit,</span> <span class='ocrx_word' id='word_1_177' title='bbox 971 3636 1068 3698; x_wconf 88' lang='lat' dir='ltr'>utin</span> <span class='ocrx_word' id='word_1_178' title='bbox 1089 3635 1215 3714; x_wconf 89' lang='lat' dir='ltr'>volgus</span> 
     </span>
    </p>
   </div>
   <div class='ocr_carea' id='block_1_4' title="bbox 84 3812 1215 4308">
    <p class='ocr_par' dir='ltr' id='par_1_4' title="bbox 146 3812 1215 4024">
     <span class='ocr_line' id='line_1_25' title="bbox 219 3812 1214 3882; baseline -0.001 -17"><span class='ocrx_word' id='word_1_179' title='bbox 219 3812 238 3877; x_wconf 83' lang='lat'>¹)</span> <span class='ocrx_word' id='word_1_180' title='bbox 258 3813 331 3866; x_wconf 91' lang='lat' dir='ltr'>Rob.</span> <span class='ocrx_word' id='word_1_181' title='bbox 365 3813 513 3882; x_wconf 82' lang='lat' dir='ltr'>Doering:</span> <span class='ocrx_word' id='word_1_182' title='bbox 546 3814 646 3868; x_wconf 90' lang='lat' dir='ltr'>Ueber</span> <span class='ocrx_word' id='word_1_183' title='bbox 681 3814 739 3866; x_wconf 89' lang='lat' dir='ltr'>den</span> <span class='ocrx_word' id='word_1_184' title='bbox 766 3815 914 3866; x_wconf 87' lang='lat' dir='ltr'>Homerus</span> <span class='ocrx_word' id='word_1_185' title='bbox 943 3813 1079 3877; x_wconf 80' lang='lat' dir='ltr'>Latinus,</span> <span class='ocrx_word' id='word_1_186' title='bbox 1109 3813 1214 3882; x_wconf 85' lang='lat' dir='ltr'>Progr.</span> 
     </span>
     <span class='ocr_line' id='line_1_26' title="bbox 148 3882 1215 3954; baseline -0.002 -16"><span class='ocrx_word' id='word_1_187' title='bbox 148 3882 326 3952; x_wconf 80' lang='lat' dir='ltr'>Strassburg·</span> <span class='ocrx_word' id='word_1_188' title='bbox 348 3887 425 3936; x_wconf 86' lang='grc'>1884.</span> <span class='ocrx_word' id='word_1_189' title='bbox 467 3885 540 3937; x_wconf 83' lang='lat' dir='ltr'>Rob.</span> <span class='ocrx_word' id='word_1_190' title='bbox 559 3884 708 3954; x_wconf 86' lang='lat' dir='ltr'>Doering:</span> <span class='ocrx_word' id='word_1_191' title='bbox 748 3885 785 3938; x_wconf 90' lang='lat' dir='ltr'>de</span> <span class='ocrx_word' id='word_1_192' title='bbox 805 3883 869 3938; x_wconf 86' lang='lat' dir='ltr'>Silii</span> <span class='ocrx_word' id='word_1_193' title='bbox 889 3885 985 3937; x_wconf 85' lang='lat' dir='ltr'>Italici</span> <span class='ocrx_word' id='word_1_194' title='bbox 1005 3885 1156 3952; x_wconf 87' lang='lat' dir='ltr'>Epitomes</span> <span class='ocrx_word' id='word_1_195' title='bbox 1181 3900 1215 3936; x_wconf 86' lang='lat' dir='ltr'>re</span> 
     </span>
     <span class='ocr_line' id='line_1_27' title="bbox 146 3954 1131 4024; baseline -0.001 -18"><span class='ocrx_word' id='word_1_196' title='bbox 146 3956 271 4008; x_wconf 87' lang='lat' dir='ltr'>metrica</span> <span class='ocrx_word' id='word_1_197' title='bbox 290 3960 320 4007; x_wconf 87' lang='lat' dir='ltr'>et</span> <span class='ocrx_word' id='word_1_198' title='bbox 340 3970 453 4024; x_wconf 83' lang='lat' dir='ltr'>genere</span> <span class='ocrx_word' id='word_1_199' title='bbox 474 3955 600 4020; x_wconf 87' lang='lat' dir='ltr'>dicendi,</span> <span class='ocrx_word' id='word_1_200' title='bbox 621 3955 817 4024; x_wconf 82' lang='lat' dir='ltr'>Argentorati</span> <span class='ocrx_word' id='word_1_201' title='bbox 835 3954 1131 4010; x_wconf 84' lang='lat' dir='ltr'>MDCCCLXXXVL</span> 
     </span>
    </p>

    <p class='ocr_par' dir='ltr' id='par_1_5' title="bbox 147 4025 1214 4166">
     <span class='ocr_line' id='line_1_28' title="bbox 220 4025 1214 4091; baseline -0.001 -13"><span class='ocrx_word' id='word_1_202' title='bbox 220 4025 239 4091; x_wconf 80' lang='lat'>²)</span> <span class='ocrx_word' id='word_1_203' title='bbox 259 4026 335 4079; x_wconf 88' lang='lat' dir='ltr'>Paul</span> <span class='ocrx_word' id='word_1_204' title='bbox 367 4026 488 4080; x_wconf 87' lang='lat' dir='ltr'>Verres:</span> <span class='ocrx_word' id='word_1_205' title='bbox 518 4026 555 4080; x_wconf 85' lang='lat' dir='ltr'>de</span> <span class='ocrx_word' id='word_1_206' title='bbox 580 4027 644 4078; x_wconf 88' lang='lat' dir='ltr'>Tib.</span> <span class='ocrx_word' id='word_1_207' title='bbox 672 4027 736 4080; x_wconf 88' lang='lat' dir='ltr'>Silii</span> <span class='ocrx_word' id='word_1_208' title='bbox 768 4027 865 4080; x_wconf 85' lang='lat' dir='ltr'>Italici</span> <span class='ocrx_word' id='word_1_209' title='bbox 897 4027 1020 4080; x_wconf 87' lang='lat' dir='ltr'>Punicis</span> <span class='ocrx_word' id='word_1_210' title='bbox 1057 4032 1086 4080; x_wconf 91' lang='lat' dir='ltr'>et</span> <span class='ocrx_word' id='word_1_211' title='bbox 1117 4026 1214 4079; x_wconf 88' lang='lat' dir='ltr'>Italici</span> 
     </span>
     <span class='ocr_line' id='line_1_29' title="bbox 147 4096 1214 4166; baseline 0.001 -18"><span class='ocrx_word' id='word_1_212' title='bbox 147 4096 241 4150; x_wconf 87' lang='lat' dir='ltr'>Iliade</span> <span class='ocrx_word' id='word_1_213' title='bbox 288 4099 480 4165; x_wconf 86' lang='lat' dir='ltr'>quaestiones</span> <span class='ocrx_word' id='word_1_214' title='bbox 526 4100 742 4166; x_wconf 80' lang='lat' dir='ltr'>grammaticae</span> <span class='ocrx_word' id='word_1_215' title='bbox 780 4104 809 4151; x_wconf 92' lang='lat' dir='ltr'>et</span> <span class='ocrx_word' id='word_1_216' title='bbox 846 4100 997 4165; x_wconf 82' lang='lat' dir='ltr'>metricae,</span> <span class='ocrx_word' id='word_1_217' title='bbox 1042 4098 1214 4150; x_wconf 87' lang='lat' dir='ltr'>Monasterii</span> 
     </span>
    </p>

    <p class='ocr_par' dir='ltr' id='par_1_6' title="bbox 84 4167 1087 4308">
     <span class='ocr_line' id='line_1_30' title="bbox 149 4167 448 4222; baseline 0 -2"><span class='ocrx_word' id='word_1_218' title='bbox 149 4167 448 4222; x_wconf 82' lang='lat' dir='ltr'>MDCCOXXXVHI.</span> 
     </span>
     <span class='ocr_line' id='line_1_31' title="bbox 84 4239 1087 4308; baseline -0.004 -15"><span class='ocrx_word' id='word_1_219' title='bbox 84 4242 87 4250; x_wconf 91' lang='lat'>&#39;</span> <span class='ocrx_word' id='word_1_220' title='bbox 219 4239 240 4304; x_wconf 80' lang='grc'>3)</span> <span class='ocrx_word' id='word_1_221' title='bbox 260 4240 296 4292; x_wconf 88' lang='lat' dir='ltr'>ef.</span> <span class='ocrx_word' id='word_1_222' title='bbox 317 4239 351 4292; x_wconf 81' lang='lat' dir='ltr'>G.</span> <span class='ocrx_word' id='word_1_223' title='bbox 372 4239 513 4292; x_wconf 84' lang='lat' dir='ltr'>Eskuche</span> <span class='ocrx_word' id='word_1_224' title='bbox 532 4242 563 4292; x_wconf 91' lang='lat' dir='ltr'>in</span> <span class='ocrx_word' id='word_1_225' title='bbox 582 4256 658 4293; x_wconf 88' lang='lat' dir='ltr'>mus.</span> <span class='ocrx_word' id='word_1_226' title='bbox 677 4240 771 4300; x_wconf 83' lang='lat' dir='ltr'>Rhen.</span> <span class='ocrx_word' id='word_1_227' title='bbox 792 4245 861 4292; x_wconf 92' lang='lat' dir='ltr'>tom.</span> <span class='ocrx_word' id='word_1_228' title='bbox 881 4239 961 4293; x_wconf 87' lang='lat' dir='ltr'>XLV</span> <span class='ocrx_word' id='word_1_229' title='bbox 980 4257 1006 4308; x_wconf 91' lang='lat' dir='ltr'>p.</span> <span class='ocrx_word' id='word_1_230' title='bbox 1028 4242 1087 4290; x_wconf 77' lang='lat'>254,</span> 
     </span>
    </p>
   </div>
   <div class='ocr_carea' id='block_1_5' title="bbox 0 0 1612 5172">
    <p class='ocr_par' dir='ltr' id='par_1_7' title="bbox 0 0 1612 5172">
     <span class='ocr_line' id='line_1_32' title="bbox 0 0 1612 5172; baseline 0 0"><span class='ocrx_word' id='word_1_231' title='bbox 0 0 1612 5172; x_wconf 95' lang='lat' dir='ltr'> </span> 
     </span>
    </p>
   </div>
  </div>
 </body>
</html>
